@article{Spinellis,
 author = {Spinellis, Diomidis and Gousios, Georgios and Karakoidas, Vassilios and Louridas, Panagiotis and Adams, Paul J. and Samoladas, Ioannis and Stamelos, Ioannis},
 title = {Evaluating the Quality of Open Source Software},
 journal = {Electron. Notes Theor. Comput. Sci.},
 volume = {233},
 month = {March},
 year = {2009},
 issn = {1571-0661},
 pages = {5--28},
 numpages = {24},
 url = {http://portal.acm.org/citation.cfm?id=1519560.1519971},
 doi = {10.1016/j.entcs.2009.02.058},
 acmid = {1519971},
 publisher = {Elsevier Science Publishers B. V.},
 address = {Amsterdam, The Netherlands, The Netherlands},
 keywords = {open source, process quality attributes, product quality attributes, sqo-oss},
}
