@inproceedings{billion_keys,
 author = {Sun, San-Tsai and Boshmaf, Yazan and Hawkey, Kirstie and Beznosov, Konstantin},
 title = {A billion keys, but few locks: the crisis of web single sign-on},
 booktitle = {Proceedings of the 2010 workshop on New security paradigms},
 series = {NSPW '10},
 year = {2010},
 isbn = {978-1-4503-0415-3},
 location = {Concord, Massachusetts, USA},
 pages = {61--72},
 numpages = {12},
 url = {http://doi.acm.org/10.1145/1900546.1900556},
 doi = {http://doi.acm.org/10.1145/1900546.1900556},
 acmid = {1900556},
 publisher = {ACM},
 address = {New York, NY, USA},
 keywords = {authentication, infocard, openid, web identity management, web single sign-on}
}

@inproceedings{password_habits,
 author = {Florencio, Dinei and Herley, Cormac},
 title = {A large-scale study of web password habits},
 booktitle = {Proceedings of the 16th international conference on World Wide Web},
 series = {WWW '07},
 year = {2007},
 isbn = {978-1-59593-654-7},
 location = {Banff, Alberta, Canada},
 pages = {657--666},
 numpages = {10},
 url = {http://doi.acm.org/10.1145/1242572.1242661},
 doi = {http://doi.acm.org/10.1145/1242572.1242661},
 acmid = {1242661},
 publisher = {ACM},
 address = {New York, NY, USA},
 keywords = {authentication, measurements, password}
}

@ARTICLE{inside_the_identity_management_game,
author={Lynch, L.},
journal={Internet Computing, IEEE}, title={Inside the Identity Management Game},
year={2011},
month={sept.-oct. },
volume={15},
number={5},
pages={78 -82},
keywords={Internet innovation;authentication management;authorization management;cloud-based services;identity management game;social Web;Internet;authorisation;},
doi={10.1109/MIC.2011.119},
ISSN={1089-7801}
}

@inproceedings{enchancing_distributed_web_security,
 author = {Lai-Cheng, Cao},
 title = {Enhancing distributed web security based on Kerberos authentication service},
 booktitle = {Proceedings of the 2010 international conference on Web information systems and mining},
 series = {WISM'10},
 year = {2010},
 isbn = {3-642-16514-1, 978-3-642-16514-6},
 location = {Sanya, China},
 pages = {171--178},
 numpages = {8},
 url = {http://dl.acm.org/citation.cfm?id=1927661.1927689},
 acmid = {1927689},
 publisher = {Springer-Verlag},
 address = {Berlin, Heidelberg},
 keywords = {Kerberos protocol, Rijndael encryption algorithm, authentication, distributed web security}
}

@incollection{secure_secret_key,
   author = {Cao, Lai-Cheng},
   affiliation = {School of Computer and Communication, Lanzhou University of Technology, Lanzhou, 730050 China},
   title = {Secure Secret-Key Management of Kerberos Service},
   booktitle = {Emerging Research in Artificial Intelligence and Computational Intelligence},
   series = {Communications in Computer and Information Science},
   editor = {Deng, Hepu and Miao, Duoqian and Wang, Fu Lee and Lei, Jingsheng},
   publisher = {Springer Berlin Heidelberg},
   isbn = {978-3-642-24282-3},
   keyword = {Computer Science},
   pages = {76-83},
   volume = {237},
   url = {http://dx.doi.org/10.1007/978-3-642-24282-3_11},
   year = {2011}
}

@article{sandhu,
 author = {Sandhu, Ravi and Samarati, Pierangela},
 title = {Authentication, access control, and audit},
 journal = {ACM Comput. Surv.},
 volume = {28},
 issue = {1},
 month = {March},
 year = {1996},
 issn = {0360-0300},
 pages = {241--243},
 numpages = {3},
 url = {http://doi.acm.org/10.1145/234313.234412},
 doi = {http://doi.acm.org/10.1145/234313.234412},
 acmid = {234412},
 publisher = {ACM},
 address = {New York, NY, USA}
}

@article{uml,
 author = {Conallen, Jim},
 title = {Modeling Web application architectures with UML},
 journal = {Commun. ACM},
 volume = {42},
 issue = {10},
 month = {October},
 year = {1999},
 issn = {0001-0782},
 pages = {63--70},
 numpages = {8},
 url = {http://doi.acm.org/10.1145/317665.317677},
 doi = {http://doi.acm.org/10.1145/317665.317677},
 acmid = {317677},
 publisher = {ACM},
 address = {New York, NY, USA}
}